
@book{Noble-1999,
    Author         = "Noble, D.",
    Title          = "Oxsoft Heart Program Manual",
    Publisher      = "Oxsoft Ltd",
    year           = 1999
}


